@article{wright2005,
	Title = {Open Sound Control: an enabling technology for musical networking},
	Author = {Wright, Matthew},	
	Journal = {Organised Sound},
	Year = {2005},
	Volume = {10},
	Number = {3}	
}

@inproceedings{couprie2018,
	Title = {Methods and Tools for Transcribing Electroacoustic Music},
	Author = {Pierre Couprie},
	Booktitle = {International Conference on Technologies for Music Notation and Representation (TENOR)},
	Year = {2018},
	Address = {Montr√©al}
}
